@InProceedings{inproc-2005,
	AUTHOR = "Yongguang Chen and Hisashi Kobayashi",
	TITLE = "Signal Strength Based Indoor Geolocation",
	BOOKTITLE = "Communications, 2002. ICC 2002. IEEE International Conference on",
	YEAR = "2002",
	volume = "I",
	pages = "436--439",
	month = apr
}

@Misc{misc-2008,
	author = "Rainer Mautz",
	title = "Overview of Current Indoor Positioning Systems",
	year = "2008",
	month = jul
}

@PhDThesis{phdthesis-2005,
	author = "Priyantha, N. B",
	title = "The Cricket Indoor Location System",
	address = "Cambridge, MA, Vereinigte Staaten von Amerika",
	school = "Massachusetts Institute of Technology",
	year = "2005"
}

@PhDThesis{phdthesis-1997,
	author = "H. Stewart Cobb",
	title = "GPS Pseudolites: Theory, Design, and Applications",
	address = "	Stanford, CA, Vereinigte Staaten von Amerika",
	school = "Stanford University",
	year = "1997",
	month = sep
}